@Article{selectinMethodology,
title={SELECTING A DEVELOPMENT APPROACH},
year={2005}
}
